<record><leader>00000cas a22000007a 4500</leader><controlfield tag="001">14517593</controlfield><controlfield tag="008">861024d19271937inuwr ne      0    0eng d</controlfield><datafield ind1=" " ind2=" " tag="010"><subfield code="a">sn 86058847 </subfield></datafield><datafield ind1=" " ind2=" " tag="040"><subfield code="a">NPI</subfield><subfield code="b">eng</subfield><subfield code="c">NPI</subfield><subfield code="d">OCLCQ</subfield></datafield><datafield ind1=" " ind2=" " tag="042"><subfield code="a">msc</subfield></datafield><datafield ind1="0" ind2=" " tag="130"><subfield code="a">Public (Mount Vernon, Ind.)</subfield></datafield><datafield ind1="1" ind2="4" tag="245"><subfield code="a">The Public.</subfield></datafield><datafield ind1=" " ind2=" " tag="260"><subfield code="a">Mt. Vernon, Posey County :</subfield><subfield code="b">Floyd F. Oursler</subfield></datafield><datafield ind1=" " ind2=" " tag="300"><subfield code="a">v. :</subfield><subfield code="b">ill. ;</subfield><subfield code="c">55 cm.</subfield></datafield><datafield ind1=" " ind2=" " tag="310"><subfield code="a">Weekly</subfield></datafield><datafield ind1="1" ind2=" " tag="362"><subfield code="a">Began in 1927.</subfield></datafield><datafield ind1="1" ind2=" " tag="362"><subfield code="a">Ceased in 1937.</subfield><subfield code="z">Cf. The Republic press, Eighth yr., no. 7 (July16, 1937).</subfield></datafield><datafield ind1=" " ind2=" " tag="588"><subfield code="a">Description based on: Vol. 26, no. 42 (Oct. 17, 1930).</subfield></datafield><datafield ind1=" " ind2=" " tag="752"><subfield code="a">United States</subfield><subfield code="b">Indiana</subfield><subfield code="c">Posey</subfield><subfield code="d">Mount Vernon.</subfield></datafield><datafield ind1="0" ind2="0" tag="780"><subfield code="t">Unafraid Republican</subfield><subfield code="w">(DLC)sn 84045474</subfield><subfield code="w">(OCoLC)11378199</subfield></datafield><datafield ind1="0" ind2="4" tag="785"><subfield code="t">Republican press (Mount Vernon, Ind.)</subfield><subfield code="w">(DLC)sn 86058848</subfield></datafield><datafield ind1="0" ind2="0" tag="785"><subfield code="t">Mt. Vernon Republican (Mount Vernon, Ind. : 1938)</subfield><subfield code="w">(DLC)sn 84045475</subfield></datafield></record>